@book{Thomson:2013zua,
    author = "Thomson, Mark",
    title = "{Modern particle physics}",
    doi = "10.1017/CBO9781139525367",
    isbn = "978-1-107-03426-6",
    publisher = "Cambridge University Press",
    address = "New York",
    year = "2013"
}

@article{Higgs,
    author = "Aad, Georges and others",
    collaboration = "ATLAS",
    title = "{Observation of a new particle in the search for the Standard Model Higgs boson with the ATLAS detector at the LHC}",
    eprint = "1207.7214",
    archivePrefix = "arXiv",
    primaryClass = "hep-ex",
    reportNumber = "CERN-PH-EP-2012-218",
    doi = "10.1016/j.physletb.2012.08.020",
    journal = "Phys. Lett. B",
    volume = "716",
    pages = "1--29",
    year = "2012"
}

@article{ATLAS:2015egz,
    author = "Aad, Georges and others",
    collaboration = "ATLAS",
    title = "{Measurements of the Higgs boson production and decay rates and coupling strengths using pp collision data at $\sqrt{s}=7$ and 8 TeV in the ATLAS experiment}",
    eprint = "1507.04548",
    archivePrefix = "arXiv",
    primaryClass = "hep-ex",
    reportNumber = "CERN-PH-EP-2015-125",
    doi = "10.1140/epjc/s10052-015-3769-y",
    journal = "Eur. Phys. J. C",
    volume = "76",
    number = "1",
    pages = "6",
    year = "2016"
}

@article{CMS:2019eqb,
    author = "Sirunyan, Albert M and others",
    collaboration = "CMS",
    title = "{Search for pair production of vectorlike quarks in the fully hadronic final state}",
    eprint = "1906.11903",
    archivePrefix = "arXiv",
    primaryClass = "hep-ex",
    reportNumber = "CMS-B2G-18-005, CERN-EP-2019-129",
    doi = "10.1103/PhysRevD.100.072001",
    journal = "Phys. Rev. D",
    volume = "100",
    number = "7",
    pages = "072001",
    year = "2019"
}

@article{Dulat_2018,
	doi = {10.1016/j.cpc.2018.06.025},
  
	url = {https://doi.org/10.1016%2Fj.cpc.2018.06.025},
  
	year = 2018,
	month = {dec},
  
	publisher = {Elsevier {BV}
},
  
	volume = {233},
  
	pages = {243--260},
  
	author = {Falko Dulat and Achilleas Lazopoulos and Bernhard Mistlberger},
  
	title = {{iHixs} 2 {\textemdash}~Inclusive Higgs cross sections},
  
	journal = {Computer Physics Communications}
}

@InProceedings{Zimmermann:IPAC2016-TUPMW037,
  author       = {F. Zimmermann and M. Benedikt and X. Buffat and D. Schulte},
  title        = {{L}uminosity {T}argets for {FCC-}hh},

  pages        = {1523--1526},
  paper        = {TUPMW037},



  series       = {International Particle Accelerator Conference},
  month        = {June},
  year         = {2016},
  doi          = {doi:10.18429/JACoW-IPAC2016-TUPMW037},
  url          = {http://jacow.org/ipac2016/papers/tupmw037.pdf},

}

@article{Cheung_2019,
	doi = {10.1007/jhep09(2019)098},
  
	url = {https://doi.org/10.1007%2Fjhep09%282019%29098},
  
	year = 2019,
	month = {sep},
  
	publisher = {Springer Science and Business Media {LLC}
},
  
	volume = {2019},
  
	number = {9},
  
	author = {Kingman Cheung and Jae Sik Lee and Po-Yan Tseng},
  
	title = {New emerging results in Higgs precision analysis updates 2018 after establishment of third-generation Yukawa couplings},
  
	journal = {Journal of High Energy Physics}
}

@article{ATLAS:2019nkf,
    author = "Aad, Georges and others",
    collaboration = "ATLAS",
    title = "{Combined measurements of Higgs boson production and decay using up to $80$ fb$^{-1}$ of proton-proton collision data at $\sqrt{s}=$ 13 TeV collected with the ATLAS experiment}",
    eprint = "1909.02845",
    archivePrefix = "arXiv",
    primaryClass = "hep-ex",
    reportNumber = "CERN-EP-2019-097",
    doi = "10.1103/PhysRevD.101.012002",
    journal = "Phys. Rev. D",
    volume = "101",
    number = "1",
    pages = "012002",
    year = "2020"
}

@article{CMS:2021ugl,
    author = "Sirunyan, Albert M and others",
    collaboration = "CMS",
    title = "{Measurements of production cross sections of the Higgs boson in the four-lepton final state in proton\textendash{}proton collisions at $\sqrt{s} = 13\,\text {Te}\text {V} $}",
    eprint = "2103.04956",
    archivePrefix = "arXiv",
    primaryClass = "hep-ex",
    reportNumber = "CMS-HIG-19-001, CERN-EP-2021-016",
    doi = "10.1140/epjc/s10052-021-09200-x",
    journal = "Eur. Phys. J. C",
    volume = "81",
    number = "6",
    pages = "488",
    year = "2021"
}



@inproceedings{Styles:2015svq,
    author = "Styles, Nicholas",
    collaboration = "ATLAS, CMS",
    title = "{Collecting and analysing data at high pile-up with ATLAS and CMS}",
    booktitle = "{50th Rencontres de Moriond on EW Interactions and Unified Theories}",
    reportNumber = "ATL-UPGRADE-PROC-2015-001",
    pages = "107--112",
    year = "2015"
}

@article{ATLAS:2015egz,
    author = "Aad, Georges and others",
    collaboration = "ATLAS",
    title = "{Measurements of the Higgs boson production and decay rates and coupling strengths using pp collision data at $\sqrt{s}=7$ and 8 TeV in the ATLAS experiment}",
    eprint = "1507.04548",
    archivePrefix = "arXiv",
    primaryClass = "hep-ex",
    reportNumber = "CERN-PH-EP-2015-125",
    doi = "10.1140/epjc/s10052-015-3769-y",
    journal = "Eur. Phys. J. C",
    volume = "76",
    number = "1",
    pages = "6",
    year = "2016"
}

@article{CMS:2014fzn,
    author = "Khachatryan, Vardan and others",
    collaboration = "CMS",
    title = "{Precise determination of the mass of the Higgs boson and tests of compatibility of its couplings with the standard model predictions using proton collisions at 7 and 8 $\,\text {TeV}$}",
    eprint = "1412.8662",
    archivePrefix = "arXiv",
    primaryClass = "hep-ex",
    reportNumber = "CMS-HIG-14-009, CERN-PH-EP-2014-288",
    doi = "10.1140/epjc/s10052-015-3351-7",
    journal = "Eur. Phys. J. C",
    volume = "75",
    number = "5",
    pages = "212",
    year = "2015"
}

@article{ATLAS:2016neq,
    author = "Aad, Georges and others",
    collaboration = "ATLAS, CMS",
    title = "{Measurements of the Higgs boson production and decay rates and constraints on its couplings from a combined ATLAS and CMS analysis of the LHC pp collision data at $ \sqrt{s}=7 $ and 8 TeV}",
    eprint = "1606.02266",
    archivePrefix = "arXiv",
    primaryClass = "hep-ex",
    reportNumber = "CERN-EP-2016-100, ATLAS-HIGG-2015-07, CMS-HIG-15-002",
    doi = "10.1007/JHEP08(2016)045",
    journal = "JHEP",
    volume = "08",
    pages = "045",
    year = "2016"
}